@inproceedings{C3,
  author={Usman, Muhammad and Ferlin, Simone and Brunstrom, Anna},
  booktitle={2024 IEEE/ACM Symposium on Edge Computing (SEC)}, 
  title={Performance Analysis of Lightweight Container Orchestration Platforms for Edge-Based IoT Applications}, 
  year={2024},
  volume={},
  number={},
  pages={321-332},
  keywords={Scalability;Microservice architectures;Computer architecture;Containers;Benchmark testing;Software;Internet of Things;Reliability;Surges;Edge computing;Benchmarking;Constrained Devices;Containers;Device Virtualization;Edge Computing;Internet of Things (IoT);Kubernetes;Orchestration;Testbed},
  doi={10.1109/SEC62691.2024.00032}}

