@inproceedings{langley2017quic,
  title={The quic transport protocol: Design and internet-scale deployment},
  author={Langley, Adam and Riddoch, Alistair and Wilk, Alyssa and Vicente, Antonio and Krasic, Charles and Zhang, Dan and Yang, Fan and Kouranov, Fedor and Swett, Ian and Iyengar, Janardhan and others},
  booktitle={Proceedings of the conference of the ACM special interest group on data communication},
  pages={183--196},
  year={2017}
}

@inproceedings{grinnemo2016towards,
  title={Towards a flexible Internet transport layer architecture},
  author={Grinnemo, Karl-Johan and Jones, Tom and Fairhurst, Gorry and Ros, David and Brunstrom, Anna and Hurtig, Per},
  booktitle={2016 IEEE International Symposium on Local and Metropolitan Area Networks (LANMAN)},
  pages={1--7},
  year={2016},
  organization={IEEE}
}

@article{kosek2021beyond,
  title={Beyond QUIC v1: A first look at recent transport layer IETF standardization efforts},
  author={Kosek, Mike and Shreedhar, Tanya and Bajpai, Vaibhav},
  journal={IEEE Communications Magazine},
  volume={59},
  number={4},
  pages={24--29},
  year={2021},
  publisher={IEEE}
}

